@inproceedings{cunningham2014resilient,
  title={Resilient X10: efficient failure-aware programming},
  author={Cunningham, David and Grove, David and Herta, Benjamin and Iyengar, Arun and Kawachiya, Kiyokuni and Murata, Hiroki and Saraswat, Vijay and Takeuchi, Mikio and Tardieu, Olivier},
  booktitle={Proceedings of the 19th ACM SIGPLAN symposium on Principles and practice of parallel programming},
  pages={67--80},
  year={2014},
  organization={ACM}
}

 @incollection{shapiro2011conflict,
   title={Conflict-free replicated data types},
   author={Shapiro, Marc and Pregui{\c{c}}a, Nuno and Baquero, Carlos and Zawirski, Marek},
   booktitle={Stabilization, Safety, and Security of Distributed Systems},
   pages={386--400},
   year={2011},
   publisher={Springer}
 }
 
 @inproceedings{Kermarrec:2001:IAR:383962.384020,
  author = {Kermarrec, Anne-Marie and Rowstron, Antony and Shapiro, Marc and Druschel, Peter},
  title = {The {I}ce{C}ube Approach to the Reconciliation of Divergent Replicas},
  booktitle = {Proceedings of the Twentieth Annual ACM Symposium on Principles of Distributed Computing},
  series = {PODC '01},
  year = {2001},
  isbn = {1-58113-383-9},
  location = {Newport, Rhode Island, USA},
  pages = {210--218},
  numpages = {9},
  url = {http://doi.acm.org/10.1145/383962.384020},
  doi = {10.1145/383962.384020},
  acmid = {384020},
  publisher = {ACM},
  address = {New York, NY, USA},
 } 
 
 
 @article{Garcia-Molina:1987:SAG:38714.38742,
  author = {Garcia-Molina, Hector and Salem, Kenneth},
  title = {Sagas},
  journal = {SIGMOD Rec.},
  issue_date = {Dec. 1987},
  volume = {16},
  number = {3},
  month = dec,
  year = {1987},
  issn = {0163-5808},
  pages = {249--259},
  numpages = {11},
  url = {http://doi.acm.org/10.1145/38714.38742},
  doi = {10.1145/38714.38742},
  acmid = {38742},
  publisher = {ACM},
  address = {New York, NY, USA},
 }
 
 @online{rust,
    author = {Mozilla},
    title = {The {R}ust Programming language Homepage},
    howpublished = {\url{http://www.rust-lang.org/}},
  }

 @online{eventualeBay,
    author = {Datastax},
    title = {Case Study: eBay: eBay Engages Customers with Personalized Recommendations}
    howpublished = {\url{http://www.datastax.com/resources/casestudies/ebay}},
  }

 @online{eventualNetflix,
    author = {Datastax},
    title = {Case Study: Netflix: Netflix Personalizes Viewing for Over 50
      Million Customers with DataStax}
    howpublished = {\url{http://www.datastax.com/resources/casestudies/netflix}},
  }

 @online{riak,
    author = {Basho},
    title = {Riak KV}
    howpublished = {\url{http://basho.com/products/riak-kv/}},
  }


@article{clausen1999branch,
  title={Branch and bound algorithms-principles and examples},
  author={Clausen, Jens},
  journal={Department of Computer Science, University of Copenhagen},
  pages={1--30},
  year={1999}
}

@inproceedings{mcsherry2005uniform,
  title={A uniform approach to accelerated {P}age{R}ank computation},
  author={McSherry, Frank},
  booktitle={Proceedings of the 14th international conference on World Wide Web},
  pages={575--582},
  year={2005},
  organization={ACM}
}

@inproceedings{Lucassen:1988:PES:73560.73564,
 author = {Lucassen, J. M. and Gifford, D. K.},
 title = {Polymorphic Effect Systems},
 booktitle = {Proceedings of the 15th ACM SIGPLAN-SIGACT {S}ymposium on {P}rinciples of {P}rogramming {L}anguages},
 series = {POPL '88},
 year = {1988},
 isbn = {0-89791-252-7},
 location = {San Diego, California, USA},
 pages = {47--57},
 numpages = {11},
 url = {http://doi.acm.org/10.1145/73560.73564},
 doi = {10.1145/73560.73564},
 acmid = {73564},
 publisher = {ACM},
 address = {New York, NY, USA},
} 

@inproceedings{gifford1979weighted,
  title={Weighted voting for replicated data},
  author={Gifford, David K},
  booktitle={Proceedings of the seventh ACM Symposium on Operating Systems Principles},
  pages={150--162},
  year={1979},
  organization={ACM}
}

@inproceedings{terry1994session,
  title={Session guarantees for weakly consistent replicated data},
  author={Terry, Douglas B and Demers, Alan J and Petersen, Karin and Spreitzer, Mike J and Theimer, Marvin M and Welch, Brent B},
  booktitle={Parallel and Distributed Information Systems, 1994., Proceedings of the Third International Conference on},
  pages={140--149},
  year={1994},
  organization={IEEE}
}

@inproceedings{Terry:1995:MUC:224056.224070,
 author = {Terry, D. B. and Theimer, M. M. and Petersen, Karin and Demers, A. J. and Spreitzer, M. J. and Hauser, C. H.},
 title = {Managing Update Conflicts in Bayou, a Weakly Connected Replicated Storage System},
 booktitle = {Proceedings of the Fifteenth ACM Symposium on Operating Systems Principles},
 series = {SOSP '95},
 year = {1995},
 isbn = {0-89791-715-4},
 location = {Copper Mountain, Colorado, USA},
 pages = {172--182},
 numpages = {11},
 url = {http://doi.acm.org/10.1145/224056.224070},
 doi = {10.1145/224056.224070},
 acmid = {224070},
 publisher = {ACM},
 address = {New York, NY, USA},
} 

@inproceedings{raynal1995causal,
  title={From causal consistency to sequential consistency in shared memory systems},
  author={Raynal, Michel and Schiper, Andr{\'e}},
  booktitle={Foundations of Software Technology and Theoretical Computer Science},
  pages={180--194},
  year={1995},
  organization={Springer}
}

 @online{concurrentskiplistmap,
    author = {Oracle}, 
    title = {java.util.concurrent.{C}oncurrent{S}kip{L}ist{M}ap},
    howpublished = {\url{http://docs.oracle.com/javase/7/docs/api/java/util/concurrent/ConcurrentSkipListMap.html}},
  }


@article{herlihy1990linearizability,
  title={Linearizability: A correctness condition for concurrent objects},
  author={Herlihy, Maurice P and Wing, Jeannette M},
  journal={ACM Transactions on Programming Languages and Systems (TOPLAS)},
  volume={12},
  number={3},
  pages={463--492},
  year={1990},
  publisher={ACM}
}

@article{papadimitriou1979serializability,
  title={The serializability of concurrent database updates},
  author={Papadimitriou, Christos H},
  journal={Journal of the ACM (JACM)},
  volume={26},
  number={4},
  pages={631--653},
  year={1979},
  publisher={ACM}
}

@article{lamport1979make,
  title={How to make a multiprocessor computer that correctly executes multiprocess programs},
  author={Lamport, Leslie},
  journal={Computers, IEEE Transactions on},
  volume={100},
  number={9},
  pages={690--691},
  year={1979},
  publisher={IEEE}
}

@article{lamport1978time,
  title={Time, clocks, and the ordering of events in a distributed system},
  author={Lamport, Leslie},
  journal={Communications of the ACM},
  volume={21},
  number={7},
  pages={558--565},
  year={1978},
  publisher={ACM}
}

@phdthesis{kemme2000database,
  title={Database replication for clusters of workstations},
  author={Kemme, Bettina},
  year={2000},
  school={Citeseer}
}

@article{agha1985actors,
  title={Actors: a model of concurrent computation in distributed systems},
  author={Agha, Gul Abdulnabi},
  year={1985}
}

@inproceedings{herlihy2008transactional,
  title={Transactional boosting: a methodology for highly-concurrent transactional objects},
  author={Herlihy, Maurice and Koskinen, Eric},
  booktitle={Proceedings of the 13th ACM SIGPLAN Symposium on Principles and practice of parallel programming},
  pages={207--216},
  year={2008},
  organization={ACM}
}

@incollection{wrigstad2009loci,
  title={Loci: Simple thread-locality for {J}ava},
  author={Wrigstad, Tobias and Pizlo, Filip and Meawad, Fadi and Zhao, Lei and Vitek, Jan},
  booktitle={ECOOP 2009--Object-Oriented Programming},
  pages={445--469},
  year={2009},
  publisher={Springer}
}

@article{hallerfutures,
  title={Futures and promises},
  author={Haller, PHILIPP and Prokopec, Aleksandar and Miller, Heather and Klang, Viktor and Kuhn, Roland and Jovanovic, Vojin},
  journal={URL http://docs. scala-lang. org/overviews/core/futures. html}
}

@inproceedings{alvaro2011consistency,
  title={Consistency Analysis in {B}loom: a CALM and Collected Approach.},
  author={Alvaro, Peter and Conway, Neil and Hellerstein, Joe and Marczak, William R},
  booktitle={CIDR},
  pages={249--260},
  year={2011},
  organization={Citeseer}
}

@article{shavit1997software,
  title={Software transactional memory},
  author={Shavit, Nir and Touitou, Dan},
  journal={Distributed Computing},
  volume={10},
  number={2},
  pages={99--116},
  year={1997},
  publisher={Springer}
}

@inproceedings{flanagan2003type,
  title={A type and effect system for atomicity},
  author={Flanagan, Cormac and Qadeer, Shaz},
  booktitle={ACM SIGPLAN Notices},
  volume={38},
  number={5},
  pages={338--349},
  year={2003},
  organization={ACM}
}

@inproceedings{marino2009generic,
  title={A generic type-and-effect system},
  author={Marino, Daniel and Millstein, Todd},
  booktitle={Proceedings of the 4th international workshop on Types in language design and implementation},
  pages={39--50},
  year={2009},
  organization={ACM}
}

@article{artho2003high,
  title={High-level data races},
  author={Artho, Cyrille and Havelund, Klaus and Biere, Armin},
  journal={Software Testing, Verification and Reliability},
  volume={13},
  number={4},
  pages={207--227},
  year={2003},
  publisher={Wiley Online Library}
}

@incollection{bernstein2009sql,
  title={{SQL} Isolation Levels},
  author={Bernstein, Philip A},
  booktitle={Encyclopedia of Database Systems},
  pages={2761--2762},
  year={2009},
  publisher={Springer}
}

 @inproceedings{imam2012integrating,
   title={Integrating task parallelism with actors},
   author={Imam, Shams M and Sarkar, Vivek},
   booktitle={ACM SIGPLAN Notices},
   volume={47},
   number={10},
   pages={753--772},
   year={2012},
   organization={ACM}
 }
 
 @online{akka,
    author = {Jonas Boner},
    title = {Akka},
    howpublished = {\url{http://akka.io/}},
    year = {2014}
  }


@techreport{odersky2004overview,
  title={An overview of the {S}cala programming language},
  author={Odersky, Martin and Altherr, Philippe and Cremet, Vincent and Emir, Burak and Maneth, Sebastian and Micheloud, St{\'e}phane and Mihaylov, Nikolay and Schinz, Michel and Stenman, Erik and Zenger, Matthias},
  year={2004}
}

@article{armstrong1993concurrent,
  title={Concurrent programming in {E}rlang},
  author={Armstrong, Joe and Virding, Robert and Wikstr{\"o}m, Claes and Williams, Mike},
  year={1993},
  publisher={Citeseer}
}

@inproceedings{agha1987concurrent,
  title={Concurrent programming using actors},
  author={Agha, Gul and Hewitt, Carl},
  booktitle={Object-oriented concurrent programming},
  pages={37--53},
  year={1987},
  organization={MIT Press}
}

@inproceedings{bocchino2009parallel,
  title={Parallel programming must be deterministic by default},
  author={Bocchino, Robert and Adve, Vikram and Adve, Sarita and Snir, Marc},
  booktitle={Proceedings of the First USENIX conference on Hot topics in parallelism},
  pages={4--4},
  year={2009},
  organization={USENIX Association}
}

 @online{x10spec,
    author = {{V}ijay {S}araswat et al.
},
    title = {X10 Language Specification},
    howpublished = {\url{http://x10.sourceforge.net/documentation/languagespec/x10-latest.pdf}},
    year = {2014}
  }



@article{charles2005x10,
  title={X10: an object-oriented approach to non-uniform cluster computing},
  author={Charles, Philippe and Grothoff, Christian and Saraswat, Vijay and Donawa, Christopher and Kielstra, Allan and Ebcioglu, Kemal and Von Praun, Christoph and Sarkar, Vivek},
  journal={ACM SIGPLAN Notices},
  volume={40},
  number={10},
  pages={519--538},
  year={2005},
  publisher={ACM}
}

@article{rentsch1982object,
  title={Object-oriented programming},
  author={Rentsch, Tim},
  journal={ACM SIGPLAN Notices},
  volume={17},
  number={9},
  pages={51--57},
  year={1982},
  publisher={ACM}
}

@inproceedings{muller1999universes,
  title={Universes: A type system for controlling representation exposure},
  author={M{\"u}ller, Peter and Poetzsch-Heffter, Arnd},
  booktitle={Programming Languages and Fundamentals of Programming},
  volume={263},
  year={1999},
  organization={Fernuniversit{\"a}t Hagen}
}

@book{clarke2008minimal,
  title={Minimal ownership for active objects},
  author={Clarke, Dave and Wrigstad, Tobias and {\"O}stlund, Johan and Johnsen, Einar Broch},
  year={2008},
  publisher={Springer}
}

@incollection{haller2010capabilities,
  title={Capabilities for uniqueness and borrowing},
  author={Haller, Philipp and Odersky, Martin},
  booktitle={ECOOP 2010--Object-Oriented Programming},
  pages={354--378},
  year={2010},
  publisher={Springer}
}

%%%%%%%%%%%%%%%   Java   %%%%%%%%%%%%%%%
@online{javamemorymodel,
   author = {Oracle},
   title = {Java Language Specification, Chapter 17},
   howpublished = {\url{http://docs.oracle.com/javase/specs/jls/se8/html/jls-17.html#jls-17.4
 }},
   year = {2014}
 }
 
 
%%%%%%%%%%%%%%% Databases %%%%%%%%%%%%%%%
 @online{mysql,
    author = {MySQL},
    title = {MySQL},
    howpublished = {\url{http://dev.mysql.com/}},
    year = {2014}
  }
 

%%%%%%%%%%%%%%%  Shared Memory  %%%%%%%%%%%%%%% 

@inproceedings{Chong:2008:RAW:1353522.1353528,
 author = {Chong, Nathan and Ishtiaq, Samin},
 title = {Reasoning About the {ARM} Weakly Consistent Memory Model},
 booktitle = {Proceedings of the 2008 ACM SIGPLAN Workshop on Memory Systems Performance and Correctness},
 series = {MSPC '08},
 year = {2008},
 isbn = {978-1-60558-049-4},
 location = {Seattle, Washington},
 pages = {16--19},
 numpages = {4},
 url = {http://doi.acm.org/10.1145/1353522.1353528},
 doi = {10.1145/1353522.1353528},
 acmid = {1353528},
 publisher = {ACM},
 address = {New York, NY, USA},
 keywords = {ARM, weakly consistent memory model},
} 


@article{adve1996shared,
  title={Shared memory consistency models: A tutorial},
  author={Adve, Sarita V and Gharachorloo, Kourosh},
  journal={IEEE Computer},
  volume={29},
  number={12},
  pages={66--76},
  year={1996},
  publisher={IEEE}
}

@article{artho2003high,
  title={High-level data races},
  author={Artho, Cyrille and Havelund, Klaus and Biere, Armin},
  journal={Software Testing, Verification and Reliability},
  volume={13},
  number={4},
  pages={207--227},
  year={2003},
  publisher={Wiley Online Library}
}

@book{haskell,
  title={Haskell 98 language and libraries: the revised report},
  author={Jones, Simon L Peyton},
  year={2003},
  publisher={Cambridge University Press},
  note={\url{http://www.haskell.org/definition/haskell98-report.pdf}}
}

@techreport{X10CompilerPlugin,
  title={An annotation and compiler plugin system for {X}10},
  author={Nystrom, Nathaniel and Saraswat, Vijay},
  year={2007},
  institution={Technical Report RC24198, IBM TJ Watson Research Center}
}

@INPROCEEDINGS{polyglot,
    author = {Nathaniel Nystrom and Michael R. Clarkson and Andrew C. Myers},
    title = {Polyglot: {A}n {E}xtensible {C}ompiler {F}ramework for {J}ava},
    booktitle = {In 12th International Conference on Compiler Construction},
    year = {2003},
    pages = {138--152},
    publisher = {Springer-Verlag}
}

@inproceedings{checkers,
   author = {W. Dietl and S. Dietzel and M. D. Ernst and K. Muslu and T.
	W. Schiller},
   title = {{Building and {U}sing {P}luggable {T}ype-{C}heckers}},
   booktitle = {{Software Enginnering in Practice Track, International
	Conference on Software Engineering (ICSE)}},
   month = may,
   year = {2011}
}

@online{mina,
  author = {Sherwany, Amanj},
  title = {Mina: a hybrid partial evaluator for {S}cala},
  howpublished = {\url{https://github.com/amanjpro/mina}},
  year = {2013}
}

@inproceedings{loci,
  added-at = {2009-08-29T00:00:00.000+0200},
  author = {Wrigstad, Tobias and Pizlo, Filip and Meawad, Fadi and Zhao, Lei and Vitek, Jan},
  biburl = {http://www.bibsonomy.org/bibtex/23fec1f143c422decd56f5db101c0c449/dblp},
  booktitle = {ECOOP},
  date = {2009-08-29},
  description = {dblp},
  editor = {Drossopoulou, Sophia},
  ee = {http://dx.doi.org/10.1007/978-3-642-03013-0_21},
  interhash = {14c8b87c941e7bc756c438aa65ecdb04},
  intrahash = {3fec1f143c422decd56f5db101c0c449},
  isbn = {978-3-642-03012-3},
  keywords = {dblp},
  pages = {445-469},
  publisher = {Springer},
  series = {Lecture Notes in Computer Science},
  timestamp = {2009-08-29T00:00:00.000+0200},
  title = {Loci: {S}imple {T}hread-{L}ocality for {J}ava.},
  url = {http://dblp.uni-trier.de/db/conf/ecoop/ecoop2009.html#WrigstadPMZV09},
  volume = 5653,
  year = 2009
}


@inproceedings{x10,
 author = {Charles, Philippe and Grothoff, Christian and Saraswat, Vijay and Donawa, Christopher and Kielstra, Allan and Ebcioglu, Kemal and von Praun, Christoph and Sarkar, Vivek},
 title = {X10: an object-oriented approach to non-uniform cluster computing},
 booktitle = {Proceedings of the 20th annual ACM SIGPLAN conference on Object-oriented programming, systems, languages, and applications},
 series = {OOPSLA '05},
 year = {2005},
 isbn = {1-59593-031-0},
 location = {San Diego, CA, USA},
 pages = {519--538},
 numpages = {20},
 url = {http://doi.acm.org/10.1145/1094811.1094852},
 doi = {10.1145/1094811.1094852},
 acmid = {1094852},
 publisher = {ACM},
 address = {New York, NY, USA},
 keywords = {Java, X10, atomic blocks, clocks, data distribution, multithreading, non-uniform cluster computing (NUCC), partitioned global address space (PGAS), places, productivity, scalability},
} 


@incollection{,
  year={2010},
  isbn={978-3-642-14106-5},
  booktitle={ECOOP 2010 - Object-Oriented Programming},
  volume={6183},
  series={Lecture Notes in Computer Science},
  editor={D'Hondt, Theo},
  doi={10.1007/978-3-642-14107-2_15},
  title={A {T}ype {S}ystem for {D}ata-{C}entric {S}ynchronization},
  url={http://dx.doi.org/10.1007/978-3-642-14107-2_15},
  publisher={Springer Berlin Heidelberg},
  author={Vaziri, Mandana and Tip, Frank and Dolby, Julian and Hammer, Christian and Vitek, Jan},
  pages={304-328}
}

@book{javaSpec,
 author = {Gosling, James and Joy, Bill and Steele, Guy and Bracha, Gilad},
 title = {Java(TM) Language Specification, The (3rd Edition) (Java (Addison-Wesley))},
 year = {2005},
 isbn = {0321246780},
 publisher = {Addison-Wesley Professional},
} 

@book{scalaSpec,
  title={The {S}cala language specification},
  author={Odersky, Martin and Altherr, Philippe and Cremet, Vincent and Emir, Burak and Micheloud, Stphane and Mihaylov, Nikolay and Schinz, Michel and Stenman, Erik and Zenger, Matthias},
  year={2103},
  note={\url{http://www.scala-lang.org/files/archive/nightly/pdfs/ScalaReference.pdf}}
}
@booklet{scalaLang,
  title = "The {S}cala programming language",
  year = "2006-2013",
  author = {Odersky, Martin and others},
  note = {http://www.scala-lang.org}
}

@book{progScala,
  title = {Programming in {S}cala (2nd ed.)},
  author = {Odersky, Martin and Spoon, Lex and Venners, Bill},
  year = {2010},
  publisher = {Artima}
}

@inproceedings{conf/pldi/Turon12,
  added-at = {2012-06-12T00:00:00.000+0200},
  author = {Turon, Aaron},
  biburl = {http://www.bibsonomy.org/bibtex/29eb94177bfc0cc904ad229fcfb3f04e9/dblp},
  booktitle = {PLDI},
  crossref = {conf/pldi/2012},
  editor = {Vitek, Jan and Lin, Haibo and Tip, Frank},
  ee = {http://doi.acm.org/10.1145/2254064.2254084},
  interhash = {536581515699f2251745cc3df4a7d750},
  intrahash = {9eb94177bfc0cc904ad229fcfb3f04e9},
  isbn = {978-1-4503-1205-9},
  keywords = {dblp},
  pages = {157-168},
  publisher = {ACM},
  timestamp = {2012-06-12T00:00:00.000+0200},
  title = {Reagents: expressing and composing fine-grained concurrency.},
  url = {http://dblp.uni-trier.de/db/conf/pldi/pldi2012.html#Turon12},
  year = 2012
}

@inproceedings{conf/oopsla/ImamS12,
  added-at = {2012-10-23T00:00:00.000+0200},
  author = {Imam, Shams Mahmood and Sarkar, Vivek},
  biburl = {http://www.bibsonomy.org/bibtex/25186cd683b8ce0abdf101448018d2e99/dblp},
  booktitle = {OOPSLA},
  crossref = {conf/oopsla/2012},
  editor = {Leavens, Gary T. and Dwyer, Matthew B.},
  ee = {http://doi.acm.org/10.1145/2384616.2384671},
  interhash = {8d33c2b80fb1c0fc4b47e1e96f84440f},
  intrahash = {5186cd683b8ce0abdf101448018d2e99},
  isbn = {978-1-4503-1561-6},
  keywords = {dblp},
  pages = {753-772},
  publisher = {ACM},
  timestamp = {2012-10-23T00:00:00.000+0200},
  title = {Integrating task parallelism with actors.},
  url = {http://dblp.uni-trier.de/db/conf/oopsla/oopsla2012.html#ImamS12},
  year = 2012
}

@article{igarashi01featherweight,
  added-at = {2011-12-16T09:34:05.000+0100},
  author = {Igarashi, Atsushi and Pierce, Benjamin and Wadler, Philip},
  biburl = {http://www.bibsonomy.org/bibtex/20c2c106df8e5fbcd452ddf492651355b/pbrada},
  groups = {public},
  interhash = {1b4e0e0e0a386e13d26757690a709468},
  intrahash = {0c2c106df8e5fbcd452ddf492651355b},
  journal = {ACM Transactions on Programming Languages and Systems (TOPLAS)},
  keywords = {typing},
  month = May,
  number = 3,
  pages = {396--450},
  timestamp = {2011-12-16T09:34:05.000+0100},
  title = {Featherweight {Java}:\ {A} {M}inimal {C}ore {C}alculus for {Java} and {GJ}},
  username = {pbrada},
  volume = 23,
  year = 2001
}

@incollection{schiper1989new,
  title={A new algorithm to implement causal ordering},
  author={Schiper, Andr{\'e} and Eggli, Jorge and Sandoz, Alain},
  booktitle={Distributed Algorithms},
  pages={219--232},
  year={1989},
  publisher={Springer}
}


%%%%%%%%%%%%%%%  Eventual Consistency  %%%%%%%%%%%%%%% 

@article{vogels2009eventually,
  title={Eventually consistent},
  author={Vogels, Werner},
  journal={Communications of the ACM},
  volume={52},
  number={1},
  pages={40--44},
  year={2009},
  publisher={ACM}
}

@book{redmond2012seven,
  title={Seven databases in seven weeks: a guide to modern databases and the NoSQL movement},
  author={Redmond, Eric and Wilson, Jim R},
  year={2012},
  publisher={Pragmatic Bookshelf}
}

@inproceedings{hastorun2007dynamo,
  title={Dynamo: Amazon's highly available key-value store},
  author={Hastorun, Deniz and Jampani, Madan and Kakulapati, Gunavardhan and Pilchin, Alex and Sivasubramanian, Swaminathan and Vosshall, Peter and Vogels, Werner},
  booktitle={In Proc. SOSP},
  year={2007},
  organization={Citeseer}
}

@article{sivaramakrishnan2016representation,
  title={Representation without Taxation: A Uniform, Low-Overhead, and High-Level Interface to Eventually Consistent Key-Value Stores},
  author={Sivaramakrishnan, KC and Kaki, Gowtham and Jagannathan, Suresh},
  journal={Data Engineering},
  pages={52},
  year={2016}
}

@book{gray1992transaction,
  title={Transaction processing: concepts and techniques},
  author={Gray, Jim and Reuter, Andreas},
  year={1992},
  publisher={Elsevier}
}

@inproceedings{sivaramakrishnan2015declarative,
  title={Declarative programming over eventually consistent data stores},
  author={Sivaramakrishnan, KC and Kaki, Gowtham and Jagannathan, Suresh},
  booktitle={Proceedings of the 36th ACM SIGPLAN Conference on Programming Language Design and Implementation},
  pages={413--424},
  year={2015},
  organization={ACM}
}

@inproceedings{burckhardt2014replicated,
  title={Replicated data types: specification, verification, optimality},
  author={Burckhardt, Sebastian and Gotsman, Alexey and Yang, Hongseok and Zawirski, Marek},
  booktitle={ACM SIGPLAN Notices},
  volume={49},
  number={1},
  pages={271--284},
  year={2014},
  organization={ACM}
}


%%%%%%%%%%%%%%%  Cassandra  %%%%%%%%%%%%%%% 

@online{cassandraconsistency,
  author = {Datastax Apache Cassandra 2.0 Documentation},
  title = {Configuring Data Consistency},
  howpublished = {\url{http://www.datastax.com/documentation/cassandra/2.0/cassandra/dml/dml_config_consistency_c.html
}},
  year = {2014}
}


@article{lakshman2010cassandra,
  title={Cassandra: a decentralized structured storage system},
  author={Lakshman, Avinash and Malik, Prashant},
  journal={ACM SIGOPS Operating Systems Review},
  volume={44},
  number={2},
  pages={35--40},
  year={2010},
  publisher={ACM}
}

@online{cassandraebay,
  author = {Feng Qu and Anurag Jambhekar},
  title = {Cassandra at e{B}ay Scale},
  howpublished = {\url{http://www.slideshare.net/planetcassandra/5-feng-qu}},
  year = {2013}
}

@online{cassandraebay,
  author = {Feng Qu and Anurag Jambhekar},
  title = {Cassandra at eBay Scale},
  howpublished = {\url{http://www.slideshare.net/planetcassandra/5-feng-qu}},
  year = {2013}
}

@article{cockcroft2011benchmarking,
  title={Benchmarking cassandra scalability on aws-over a million writes per second},
  author={Cockcroft, Adrian and Sheahan, Denis},
  journal={URL: http://techblog. netflix. com/2011/11/benchmarking-cassandra-scalability-on. html (visited on 05/20/2013)},
  year={2011}
}




%%%%%%%%%%%%%%%% Data Centric %%%%%%%%%%%%%%%%%
@article{Vaziri:2006:ASC:1111320.1111067,
 author = {Vaziri, Mandana and Tip, Frank and Dolby, Julian},
 title = {Associating Synchronization Constraints with Data in an Object-oriented Language},
 journal = {SIGPLAN Not.},
 issue_date = {January 2006},
 volume = {41},
 number = {1},
 month = jan,
 year = {2006},
 issn = {0362-1340},
 pages = {334--345},
 numpages = {12},
 url = {http://doi.acm.org/10.1145/1111320.1111067},
 doi = {10.1145/1111320.1111067},
 acmid = {1111067},
 publisher = {ACM},
 address = {New York, NY, USA},
 keywords = {concurrent object-oriented programming, data races, programming model, serializability},
} 

@article{dolby2012data,
  title={A data-centric approach to synchronization},
  author={Dolby, Julian and Hammer, Christian and Marino, Daniel and Tip, Frank and Vaziri, Mandana and Vitek, Jan},
  journal={ACM Transactions on Programming Languages and Systems (TOPLAS)},
  volume={34},
  number={1},
  pages={4},
  year={2012},
  publisher={ACM}
}

@incollection{burckhardt2012cloud,
  title={Cloud types for eventual consistency},
  author={Burckhardt, Sebastian and F{\"a}hndrich, Manuel and Leijen, Daan and Wood, Benjamin P},
  booktitle={ECOOP 2012--Object-Oriented Programming},
  pages={283--307},
  year={2012},
  publisher={Springer}
}

%%%%%%%%%%%%%%%%%%% Bailis    %%%%%%%%%%%%%%%%%%%%%%%
@article{bailis2014coordination,
  title={Coordination avoidance in database systems},
  author={Bailis, Peter and Fekete, Alan and Franklin, Michael J and Ghodsi, Ali and Hellerstein, Joseph M and Stoica, Ion},
  journal={Proceedings of the VLDB Endowment},
  volume={8},
  number={3},
  pages={185--196},
  year={2014},
  publisher={VLDB Endowment}
}

@article{bailis2013highly,
  title={Highly available transactions: Virtues and limitations},
  author={Bailis, Peter and Davidson, Aaron and Fekete, Alan and Ghodsi, Ali and Hellerstein, Joseph M and Stoica, Ion},
  journal={Proceedings of the VLDB Endowment},
  volume={7},
  number={3},
  pages={181--192},
  year={2013},
  publisher={VLDB Endowment}
}

@inproceedings{bailis2015feral,
  title={Feral Concurrency Control: An empirical investigation of modern application integrity},
  author={Bailis, Peter and Fekete, Alan and Franklin, Michael J and Ghodsi, Ali and Hellerstein, Joseph M and Stoica, Ion},
  booktitle={Proceedings of the 2015 ACM SIGMOD International Conference on Management of Data},
  pages={1327--1342},
  year={2015},
  organization={ACM}
}
%%%%%%%%%%%%%%%%%%% Serializability approaches    %%%%%%%%%%%%%%%%%%%%%%%
@inproceedings{kraska2013mdcc,
  title={MDCC: Multi-data center consistency},
  author={Kraska, Tim and Pang, Gene and Franklin, Michael J and Madden, Samuel and Fekete, Alan},
  booktitle={Proceedings of the 8th ACM European Conference on Computer Systems},
  pages={113--126},
  year={2013},
  organization={ACM}
}
